<?xml version="1.0" encoding="UTF-8"?><collection xmlns="http://www.loc.gov/MARC21/slim"><record><leader>00632nam--2200181-i-4500</leader><controlfield tag="001">000010583</controlfield><controlfield tag="002">20161230</controlfield><controlfield tag="005">20161230201028</controlfield><controlfield tag="008">060222s1000------------r-----000-0-fre-d</controlfield><datafield ind1=" " ind2=" " tag="040"><subfield code="a">IFIN-HH</subfield></datafield><datafield ind1=" " ind2=" " tag="041"><subfield code="a">fre</subfield></datafield><datafield ind1=" " ind2=" " tag="080"><subfield code="a">015:539.L24.172:539.198</subfield></datafield><datafield ind1="1" ind2=" " tag="100"><subfield code="a">Audit, Philippe</subfield></datafield><datafield ind1="1" ind2="0" tag="245"><subfield code="a">Etude des jets moleculaires supersonique par diffraction d electrons</subfield><subfield code="b">Article principal recouvrant en partie la these de doctorat es sciences physiques enregistree au cnrs sous le no. a.o.2449</subfield><subfield code="c">Phillipe audit</subfield></datafield><datafield ind1=" " ind2=" " tag="260"><subfield code="a">Orsay</subfield><subfield code="b">Faculte De Sciences</subfield><subfield code="c">1968</subfield></datafield><datafield ind1=" " ind2=" " tag="300"><subfield code="a">/192-202</subfield></datafield><datafield ind1=" " ind2=" " tag="852"><subfield code="a">38290</subfield><subfield code="c">539.19</subfield></datafield><datafield ind1=" " ind2=" " tag="CAT"><subfield code="a">Sys</subfield><subfield code="c">20120713</subfield><subfield code="h">123821</subfield></datafield></record></collection>